@article{hn,
    author = {AST},
    title = {{Chruščov veril, že urobil dobrý obchod, Američania sa smiali, lebo nič nestratili}},
    journal = {Hospodárske noviny},
    year = {2017},
    url = {https://hnonline.sk/history/studena-vojna/1051937-chruscov-veril-ze-urobil-dobry-obchod-americania-sa-smiali-lebo-nic-nestratili}
}

@article{dennikn,
    author = {Tomáš Kolár},
    title = {{Pred 55 rokmi bol svet krok od ďalšej svetovej vojny, Chruščov s Kennedym napokon kubánsku krízu vyriešili}},
    journal = {Denník N},
    year = {2017},
    url = {https://dennikn.sk/924651/pred-55-rokmi-bol-svet-krok-od-dalsej-svetovej-vojny-chruscov-s-kennedym-napokon-kubansku-krizu-vyriesili/}
}

@inbook{13days,
    author = {Robert F. Kennedy},
    title = {Thirteen Days: A Memoir of the Cuban Missile Crisis},
    publisher = {W. W. Norton and Company},
    edition = {First},
    year = {1999},
    pages = {160--167}
}

@inbook{mintomid,
    author = {Michael Dobbs},
    title = {One Minute to Midnight: Kennedy, Khrushchev, and Castro on the Brink of Nuclear War},
    publisher = {Alfred A. Knopf},
    year = {2008},
    pages = {10--13}
}